% This file was created with JabRef 2.10.
% Encoding: UTF-8


@InProceedings{outliers,
  Title                    = {Experimental analysis of dynamic covariance scaling for robust map optimization under bad initial estimates},
  Author                   = {Agarwal, Prabhakar and Grisetti, Giorgio and Diego Tipaldi, Gian and Spinello, Luciano and Burgard, Wolfram and Stachniss, Cyrill},
  Booktitle                = {Robotics and Automation (ICRA), 2014 IEEE International Conference on},
  Year                     = {2014},
  Organization             = {IEEE},
  Pages                    = {3626--3631}
}

@Article{tutorial,
  Title                    = {Simultaneous localization and mapping: part I},
  Author                   = {Durrant-Whyte, Hugh and Bailey, Tim},
  Journal                  = {Robotics \& Automation Magazine, IEEE},
  Year                     = {2006},
  Number                   = {2},
  Pages                    = {99--110},
  Volume                   = {13},

  Publisher                = {IEEE}
}

@InProceedings{g2o,
  Title                    = {g$^2$o: A general framework for graph optimization},
  Author                   = {K{\"u}mmerle, Rainer and Grisetti, Giorgio and Strasdat, Hauke and Konolige, Kurt and Burgard, Wolfram},
  Booktitle                = {Robotics and Automation (ICRA), 2011 IEEE International Conference on},
  Year                     = {2011},
  Organization             = {IEEE},
  Pages                    = {3607--3613}
}

@Article{isam2,
  Title                    = {iSAM2: Incremental smoothing and mapping using the Bayes tree},
  Author                   = {Kaess, Michael and Johannsson, Hordur and Roberts, Richard and Ila, Viorela and Leonard, John J and Dellaert, Frank},
  Journal                  = {The International Journal of Robotics Research},
  Year                     = {2011},
  Pages                    = {0278364911430419},

  Publisher                = {Sage Publications}
}

@Article{isam,
  Title                    = {iSAM: Incremental smoothing and mapping},
  Author                   = {Kaess, Michael and Ranganathan, Ananth and Dellaert, Frank},
  Journal                  = {Robotics, IEEE Transactions on},
  Year                     = {2008},
  Number                   = {6},
  Pages                    = {1365--1378},
  Volume                   = {24},

  Publisher                = {IEEE}
}

@Article{robustloop,
  Title                    = {Robust loop closing over time for pose graph SLAM},
  Author                   = {Latif, Yasir and Cadena, C{\'e}sar and Neira, Jos{\'e}},
  Journal                  = {The International Journal of Robotics Research},
  Year                     = {2013},
  Pages                    = {0278364913498910},

  Publisher                = {SAGE Publications}
}

@Article{firstgraph,
  Title                    = {Globally consistent range scan alignment for environment mapping},
  Author                   = {Lu, Feng and Milios, Evangelos},
  Journal                  = {Autonomous robots},
  Year                     = {1997},
  Number                   = {4},
  Pages                    = {333--349},
  Volume                   = {4},

  Publisher                = {Springer}
}

@InProceedings{fastslam,
  Title                    = {FastSLAM: A factored solution to the simultaneous localization and mapping problem},
  Author                   = {Montemerlo, Michael and Thrun, Sebastian and Koller, Daphne and Wegbreit, Ben and others},
  Booktitle                = {AAAI/IAAI},
  Year                     = {2002},
  Pages                    = {593--598}
}

@Article{ekfslam,
  Title                    = {On the representation and estimation of spatial uncertainty},
  Author                   = {Smith, Randall C and Cheeseman, Peter},
  Journal                  = {The international journal of Robotics Research},
  Year                     = {1986},
  Number                   = {4},
  Pages                    = {56--68},
  Volume                   = {5},

  Publisher                = {Sage Publications}
}

@Book{probabilistic,
  Title                    = {Probabilistic robotics},
  Author                   = {Thrun, Sebastian and Burgard, Wolfram and Fox, Dieter},
  Publisher                = {MIT press},
  Year                     = {2005}
}

@Article{graphslam,
  Title                    = {The graph SLAM algorithm with applications to large-scale mapping of urban structures},
  Author                   = {Thrun, Sebastian and Montemerlo, Michael},
  Journal                  = {The International Journal of Robotics Research},
  Year                     = {2006},
  Number                   = {5-6},
  Pages                    = {403--429},
  Volume                   = {25},

  Publisher                = {SAGE Publications}
}

@article{sqrtsam,
  title={Square Root SAM: Simultaneous localization and mapping via square root information smoothing},
  author={Dellaert, Frank and Kaess, Michael},
  journal={The International Journal of Robotics Research},
  volume={25},
  number={12},
  pages={1181--1203},
  year={2006},
  publisher={SAGE Publications}
}


